@article{tay2024assessing,
  title={Assessing the effect of model specification and prior sensitivity on Bayesian tests of temporal signal},
  author={Tay, John H and Kocher, Arthur and Duchene, Sebastian},
  journal={PLoS Computational Biology},
  volume={20},
  number={11},
  pages={e1012371},
  year={2024},
  publisher={Public Library of Science San Francisco, CA USA}
}


@article{kuhnert2016phylodynamics,
  title={Phylodynamics with migration: a computational framework to quantify population structure from genomic data},
  author={K{\"u}hnert, Denise and Stadler, Tanja and Vaughan, Timothy G and Drummond, Alexei J},
  journal={Molecular biology and evolution},
  volume={33},
  number={8},
  pages={2102--2116},
  year={2016},
  publisher={Society for Molecular Biology and Evolution}
}

@article{muller2017structured,
  title={The structured coalescent and its approximations},
  author={M{\"u}ller, Nicola F and Rasmussen, David A and Stadler, Tanja},
  journal={Molecular biology and evolution},
  volume={34},
  number={11},
  pages={2970--2981},
  year={2017},
  publisher={Oxford University Press}
}

@article{moller2018impact,
  title={Impact of the tree prior on estimating clock rates during epidemic outbreaks},
  author={M{\"o}ller, Simon and du Plessis, Louis and Stadler, Tanja},
  journal={Proceedings of the National Academy of Sciences},
  volume={115},
  number={16},
  pages={4200--4205},
  year={2018},
  publisher={National Academy of Sciences}
}


@article{murray2016effect,
  title={The effect of genetic structure on molecular dating and tests for temporal signal},
  author={Murray, Gemma GR and Wang, Fang and Harrison, Ewan M and Paterson, Gavin K and Mather, Alison E and Harris, Simon R and Holmes, Mark A and Rambaut, Andrew and Welch, John J},
  journal={Methods in Ecology and Evolution},
  volume={7},
  number={1},
  pages={80--89},
  year={2016},
  publisher={Wiley Online Library}
}


@article{duchene2019phylodynamic,
  title={Phylodynamic model adequacy using posterior predictive simulations},
  author={Duchene, Sebastian and Bouckaert, Remco and Duchene, David A and Stadler, Tanja and Drummond, Alexei J},
  journal={Systematic biology},
  volume={68},
  number={2},
  pages={358--364},
  year={2019},
  publisher={Oxford University Press}
}

@book{mcelreath2018statistical,
  title={Statistical rethinking: A Bayesian course with examples in R and Stan},
  author={McElreath, Richard},
  year={2018},
  publisher={Chapman and Hall/CRC}
}

@article{brown2018evaluating,
  title={Evaluating model performance in evolutionary biology},
  author={Brown, Jeremy M and Thomson, Robert C},
  journal={Annual Review of Ecology, Evolution, and Systematics},
  volume={49},
  number={1},
  pages={95--114},
  year={2018},
  publisher={Annual Reviews}
}

@article{duchene2018phylomad,
  title={PhyloMAd: efficient assessment of phylogenomic model adequacy},
  author={Duch{\^e}ne, David A and Duch{\^e}ne, Sebastian and Ho, Simon YW},
  journal={Bioinformatics},
  volume={34},
  number={13},
  pages={2300--2301},
  year={2018},
  publisher={Oxford University Press}
}


@article{nott2020checking,
  title={Checking for prior-data conflict using prior-to-posterior divergences},
  author={Nott, David J and Wang, Xueou and Evans, Michael and Englert, Berthold-Georg},
  journal={Statistical Science},
  volume={35},
  number={2},
  pages={234--253},
  year={2020},
  publisher={JSTOR}
}

@article{wang2014priors,
  title={Priors in Bayesian phylogenetics},
  author={Wang, Ying and Yang, Ziheng},
  journal={Bayesian phylogenetics: methods, algorithms, and applications},
  pages={5--24},
  year={2014},
  publisher={CRC Press, Taylor \& Francis Group Oxfordshire}
}

@article{schliep2011phangorn,
  title={phangorn: phylogenetic analysis in R},
  author={Schliep, Klaus Peter},
  journal={Bioinformatics},
  volume={27},
  number={4},
  pages={592--593},
  year={2011},
  publisher={Oxford University Press}
}

@article{plummer2006coda,
  title={CODA: convergence diagnosis and output analysis for MCMC},
  author={Plummer, Martyn and Best, Nicky and Cowles, Kate and Vines, Karen and others},
  journal={R news},
  volume={6},
  number={1},
  pages={7--11},
  year={2006}
}

@article{nordborg2019coalescent,
  title={Coalescent theory},
  author={Nordborg, Magnus},
  journal={Handbook of Statistical Genomics: Two Volume Set},
  pages={145--30},
  year={2019},
  publisher={Wiley Online Library}
}


@article{vaughan2024remaster,
  title={ReMASTER: improved phylodynamic simulation for BEAST 2.7},
  author={Vaughan, Timothy G},
  journal={Bioinformatics},
  volume={40},
  number={1},
  pages={btae015},
  year={2024},
  publisher={Oxford University Press}
}

@article{lewis2016estimating,
  title={Estimating Bayesian phylogenetic information content},
  author={Lewis, Paul O and Chen, Ming-Hui and Kuo, Lynn and Lewis, Louise A and Fu{\v{c}}{\'\i}kov{\'a}, Karolina and Neupane, Suman and Wang, Yu-Bo and Shi, Daoyuan},
  journal={Systematic biology},
  volume={65},
  number={6},
  pages={1009--1023},
  year={2016},
  publisher={Oxford University Press}
}

@article{muhlemann2018ancient,
  title={Ancient hepatitis B viruses from the Bronze Age to the Medieval period},
  author={M{\"u}hlemann, Barbara and Jones, Terry C and Damgaard, Peter de Barros and Allentoft, Morten E and Shevnina, Irina and Logvin, Andrey and Usmanova, Emma and Panyushkina, Irina P and Boldgiv, Bazartseren and Bazartseren, Tsevel and others},
  journal={Nature},
  volume={557},
  number={7705},
  pages={418--423},
  year={2018},
  publisher={Nature Publishing Group UK London}
}

@article{vrancken2017accurate,
  title={Accurate quantification of within-and between-host HBV evolutionary rates requires explicit transmission chain modelling},
  author={Vrancken, Bram and Suchard, Marc A and Lemey, Philippe},
  journal={Virus Evolution},
  volume={3},
  number={2},
  pages={vex028},
  year={2017},
  publisher={Oxford University Press}
}


@article{locarnini2021origins,
  title={Origins and evolution of the primate hepatitis B virus},
  author={Locarnini, Stephen A and Littlejohn, Margaret and Yuen, Lilly KW},
  journal={Frontiers in Microbiology},
  volume={12},
  pages={653684},
  year={2021},
  publisher={Frontiers Media SA}
}

@article{zehender2014enigmatic,
  title={Enigmatic origin of hepatitis B virus: an ancient travelling companion or a recent encounter?},
  author={Zehender, Gianguglielmo and Ebranati, Erika and Gabanelli, Elena and Sorrentino, Chiara and Presti, Alessandra Lo and Tanzi, Elisabetta and Ciccozzi, Massimo and Galli, Massimo},
  journal={World Journal of Gastroenterology: WJG},
  volume={20},
  number={24},
  pages={7622},
  year={2014}
}


@article{paraskevis2013dating,
  title={Dating the origin and dispersal of hepatitis B virus infection in humans and primates},
  author={Paraskevis, Dimitrios and Magiorkinis, Gkikas and Magiorkinis, Emmanouil and Ho, Simon YW and Belshaw, Robert and Allain, Jean-Pierre and Hatzakis, Angelos},
  journal={Hepatology},
  volume={57},
  number={3},
  pages={908--916},
  year={2013},
  publisher={Wiley Online Library}
}


@article{spyrou2019phylogeography,
	title={Phylogeography of the second plague pandemic revealed through analysis of historical Yersinia pestis genomes},
	author={Spyrou, Maria A and Keller, Marcel and Tukhbatova, Rezeda I and Scheib, Christiana L and Nelson, Elizabeth A and Andrades Valtue{\~n}a, Aida and Neumann, Gunnar U and Walker, Don and Alterauge, Amelie and Carty, Niamh and others},
	journal={Nature communications},
	volume={10},
	number={1},
	pages={4470},
	year={2019},
	publisher={Nature Publishing Group UK London}
}


@article{ho2020dating,
	title={Dating the emergence of human pathogens},
	author={Ho, Simon YW and Duch{\^e}ne, Sebasti{\'a}n},
	journal={Science},
	volume={368},
	number={6497},
	pages={1310--1311},
	year={2020},
	publisher={American Association for the Advancement of Science}
}

@article{bouckaert2019beast,
	title={BEAST 2.5: An advanced software platform for Bayesian evolutionary analysis},
	author={Bouckaert, Remco and Vaughan, Timothy G and Barido-Sottani, Jo{\"e}lle and Duch{\^e}ne, Sebasti{\'a}n and Fourment, Mathieu and Gavryushkina, Alexandra and Heled, Joseph and Jones, Graham and K{\"u}hnert, Denise and De Maio, Nicola and others},
	journal={PLoS computational biology},
	volume={15},
	number={4},
	pages={e1006650},
	year={2019},
	publisher={Public Library of Science San Francisco, CA USA}
}


@article{muhlemann2018ancient,
	title={Ancient hepatitis B viruses from the Bronze Age to the Medieval period},
	author={M{\"u}hlemann, Barbara and Jones, Terry C and Damgaard, Peter de Barros and Allentoft, Morten E and Shevnina, Irina and Logvin, Andrey and Usmanova, Emma and Panyushkina, Irina P and Boldgiv, Bazartseren and Bazartseren, Tsevel and others},
	journal={Nature},
	volume={557},
	number={7705},
	pages={418--423},
	year={2018},
	publisher={Nature Publishing Group UK London}
}


@article{ross2018paradox,
	title={The paradox of HBV evolution as revealed from a 16th century mummy},
	author={Ross, Zoe Patterson and Klunk, Jennifer and Fornaciari, Gino and Giuffra, Valentina and Duch{\^e}ne, Sebastian and Duggan, Ana T and Poinar, Debi and Douglas, Mark W and Eden, John-Sebastian and Holmes, Edward C and others},
	journal={PLoS pathogens},
	volume={14},
	number={1},
	pages={e1006750},
	year={2018},
	publisher={Public Library of Science}
}

@article{kahila2012tracing,
	title={Tracing hepatitis B virus to the 16th century in a Korean mummy},
	author={Kahila Bar-Gal, Gila and Kim, Myeung Ju and Klein, Athalia and Shin, Dong Hoon and Oh, Chang Seok and Kim, Jong Wan and Kim, Tae-Hyun and Kim, Seok Bae and Grant, Paul R and Pappo, Orit and others},
	journal={Hepatology},
	volume={56},
	number={5},
	pages={1671--1680},
	year={2012},
	publisher={Wiley Online Library}
}


@article{paraskevis2013dating,
	title={Dating the origin and dispersal of hepatitis B virus infection in humans and primates},
	author={Paraskevis, Dimitrios and Magiorkinis, Gkikas and Magiorkinis, Emmanouil and Ho, Simon YW and Belshaw, Robert and Allain, Jean-Pierre and Hatzakis, Angelos},
	journal={Hepatology},
	volume={57},
	number={3},
	pages={908--916},
	year={2013},
	publisher={Wiley Online Library}
}


@article{kocher2021ten,
	title={Ten millennia of hepatitis B virus evolution},
	author={Kocher, Arthur and Papac, Luka and Barquera, Rodrigo and Key, Felix M and Spyrou, Maria A and H{\"u}bler, Ron and Rohrlach, Adam B and Aron, Franziska and Stahl, Raphaela and Wissgott, Antje and others},
	journal={Science},
	volume={374},
	number={6564},
	pages={182--188},
	year={2021},
	publisher={American Association for the Advancement of Science}
}


@article{duchene2020estimating,
	title={Estimating evolutionary rates and timescales from time-stamped data},
	author={Duch{\^e}ne, Sebastian and Duch{\^e}ne, David A},
	journal={The Molecular Evolutionary Clock: Theory and Practice},
	pages={157--174},
	year={2020},
	publisher={Springer}
}


@article{zhang2016total,
	title={Total-evidence dating under the fossilized birth--death process},
	author={Zhang, Chi and Stadler, Tanja and Klopfstein, Seraina and Heath, Tracy A and Ronquist, Fredrik},
	journal={Systematic biology},
	volume={65},
	number={2},
	pages={228--249},
	year={2016},
	publisher={Oxford University Press}
}

@article{trovao2015host,
	title={Host ecology determines the dispersal patterns of a plant virus},
	author={Trov{\~a}o, N{\'\i}dia Sequeira and Baele, Guy and Vrancken, Bram and Bielejec, Filip and Suchard, Marc A and Fargette, Denis and Lemey, Philippe},
	journal={Virus evolution},
	volume={1},
	number={1},
	pages={vev016},
	year={2015},
	publisher={Oxford University Press}
}

@article{ramsden2009hantavirus,
	title={Hantavirus evolution in relation to its rodent and insectivore hosts: no evidence for codivergence},
	author={Ramsden, Cadhla and Holmes, Edward C and Charleston, Michael A},
	journal={Molecular biology and evolution},
	volume={26},
	number={1},
	pages={143--153},
	year={2009},
	publisher={Oxford University Press}
}

@article{duchene2015performance,
	title={The performance of the date-randomization test in phylogenetic analyses of time-structured virus data},
	author={Duch{\^e}ne, Sebasti{\'a}n and Duch{\^e}ne, David and Holmes, Edward C and Ho, Simon YW},
	journal={Molecular Biology and Evolution},
	volume={32},
	number={7},
	pages={1895--1906},
	year={2015},
	publisher={Society for Molecular Biology and Evolution}
}

@article{duchene2018inferring,
	title={Inferring demographic parameters in bacterial genomic data using Bayesian and hybrid phylogenetic methods},
	author={Duchene, Sebastian and Duchene, David A and Geoghegan, Jemma L and Dyson, Zoe A and Hawkey, Jane and Holt, Kathryn E},
	journal={BMC evolutionary biology},
	volume={18},
	pages={1--11},
	year={2018},
	publisher={Springer}
}

@article{featherstone2024clockor2,
	title={Clockor2: Inferring global and local strict molecular clocks using root-to-tip regression},
	author={Featherstone, Leo A and Rambaut, Andrew and Duchene, Sebastian and Wirth, Wytamma},
	journal={Systematic biology},
	volume={73},
	number={3},
	pages={623--628},
	year={2024},
	publisher={Oxford University Press US}
}

@article{gojobori1990molecular,
	title={Molecular clock of viral evolution, and the neutral theory.},
	author={Gojobori, Takashi and Moriyama, Etsuko N and Kimura, Motoo},
	journal={Proceedings of the National Academy of Sciences},
	volume={87},
	number={24},
	pages={10015--10018},
	year={1990}
}

@article{drummond2003inference,
	title={Inference of viral evolutionary rates from molecular sequences},
	author={Drummond, Alexei and Pybus, Oliver G and Rambaut, Andrew},
	journal={Adv Parasitol},
	volume={54},
	pages={331--358},
	year={2003}
}


@article{buonagurio1986evolution,
	title={Evolution of human influenza A viruses over 50 years: rapid, uniform rate of change in NS gene},
	author={Buonagurio, Deborah A and Nakada, Susumu and Parvin, Jeffrey D and Krystal, Mark and Palese, Peter and Fitch, Walter M},
	journal={Science},
	volume={232},
	number={4753},
	pages={980--982},
	year={1986},
	publisher={American Association for the Advancement of Science}
}


@article{rambaut2016exploring,
	title={Exploring the temporal structure of heterochronous sequences using TempEst (formerly Path-O-Gen)},
	author={Rambaut, Andrew and Lam, Tommy T and Max Carvalho, Luiz and Pybus, Oliver G},
	journal={Virus evolution},
	volume={2},
	number={1},
	pages={vew007},
	year={2016},
	publisher={Oxford University Press}
}


@article{korber2000timing,
	title={Timing the ancestor of the HIV-1 pandemic strains},
	author={Korber, Bette and Muldoon, Mark and Theiler, James and Gao, Fei and Gupta, Radhika and Lapedes, Alan and Hahn, Beatrice H and Wolinsky, Steven and Bhattacharya, Tanmoy},
	journal={science},
	volume={288},
	number={5472},
	pages={1789--1796},
	year={2000},
	publisher={American Association for the Advancement of Science}
}


@article{tay2024assessing,
	title={Assessing the effect of model specification and prior sensitivity on Bayesian tests of temporal signal},
	author={Tay, John H and Kocher, Arthur and Duchene, Sebastian},
	journal={PLoS Computational Biology},
	volume={20},
	number={11},
	pages={e1012371},
	year={2024},
	publisher={Public Library of Science San Francisco, CA USA}
}


@article{duchene2014impact,
	title={The impact of calibration and clock-model choice on molecular estimates of divergence times},
	author={Duch{\^e}ne, Sebasti{\'a}n and Lanfear, Robert and Ho, Simon YW},
	journal={Molecular phylogenetics and evolution},
	volume={78},
	pages={277--289},
	year={2014},
	publisher={Elsevier}
}


@article{warnock2012exploring,
	title={Exploring uncertainty in the calibration of the molecular clock},
	author={Warnock, Rachel CM and Yang, Ziheng and Donoghue, Philip CJ},
	journal={Biology letters},
	volume={8},
	number={1},
	pages={156--159},
	year={2012},
	publisher={The Royal Society}
}

@article{duchene2016genome,
	title={Genome-scale rates of evolutionary change in bacteria},
	author={Duchene, Sebastian and Holt, Kathryn E and Weill, Fran{\c{c}}ois-Xavier and Le Hello, Simon and Hawkey, Jane and Edwards, David J and Fourment, Mathieu and Holmes, Edward C},
	journal={Microbial genomics},
	volume={2},
	number={11},
	pages={e000094},
	year={2016},
	publisher={Microbiology Society}
}


@article{duchene2020bayesian,
	title={Bayesian evaluation of temporal signal in measurably evolving populations},
	author={Duchene, Sebastian and Lemey, Philippe and Stadler, Tanja and Ho, Simon YW and Duchene, David A and Dhanasekaran, Vijaykrishna and Baele, Guy},
	journal={Molecular Biology and Evolution},
	volume={37},
	number={11},
	pages={3363--3379},
	year={2020},
	publisher={Oxford University Press}
}


@article{attwood2022phylogenetic,
	title={Phylogenetic and phylodynamic approaches to understanding and combating the early SARS-CoV-2 pandemic},
	author={Attwood, Stephen W and Hill, Sarah C and Aanensen, David M and Connor, Thomas R and Pybus, Oliver G},
	journal={Nature Reviews Genetics},
	volume={23},
	number={9},
	pages={547--562},
	year={2022},
	publisher={Nature Publishing Group UK London}
}


@article{spyrou2019ancient,
	title={Ancient pathogen genomics as an emerging tool for infectious disease research},
	author={Spyrou, Maria A and Bos, Kirsten I and Herbig, Alexander and Krause, Johannes},
	journal={Nature Reviews Genetics},
	volume={20},
	number={6},
	pages={323--340},
	year={2019},
	publisher={Nature Publishing Group UK London}
}


@article{duchene2020recovery,
	title={The recovery, interpretation and use of ancient pathogen genomes},
	author={Duchene, Sebastian and Ho, Simon YW and Carmichael, Ann G and Holmes, Edward C and Poinar, Hendrik},
	journal={Current Biology},
	volume={30},
	number={19},
	pages={R1215--R1231},
	year={2020},
	publisher={Elsevier}
}


@article{menardo2019molecular,
	title={The molecular clock of Mycobacterium tuberculosis},
	author={Menardo, Fabrizio and Duch{\^e}ne, Sebastian and Brites, Daniela and Gagneux, Sebastien},
	journal={PLoS pathogens},
	volume={15},
	number={9},
	pages={e1008067},
	year={2019},
	publisher={Public Library of Science San Francisco, CA USA}
}


@article{biek2015measurably,
	title={Measurably evolving pathogens in the genomic era},
	author={Biek, Roman and Pybus, Oliver G and Lloyd-Smith, James O and Didelot, Xavier},
	journal={Trends in ecology \& evolution},
	volume={30},
	number={6},
	pages={306--313},
	year={2015},
	publisher={Elsevier}
}


@article{thalmann2013complete,
	title={Complete mitochondrial genomes of ancient canids suggest a European origin of domestic dogs},
	author={Thalmann, Olaf and Shapiro, Beth and Cui, Pin and Schuenemann, Verena J and Sawyer, Susanna K and Greenfield, Daniel L and Germonpr{\'e}, Mietje B and Sablin, Mikhail V and L{\'o}pez-Gir{\'a}ldez, Francesc and Domingo-Roura, Xavier and others},
	journal={Science},
	volume={342},
	number={6160},
	pages={871--874},
	year={2013},
	publisher={American Association for the Advancement of Science}
}

@article{drummond2003measurably,
	title={Measurably evolving populations},
	author={Drummond, Alexei J and Pybus, Oliver G and Rambaut, Andrew and Forsberg, Roald and Rodrigo, Allen G},
	journal={Trends in ecology \& evolution},
	volume={18},
	number={9},
	pages={481--488},
	year={2003},
	publisher={Elsevier}
}

@article{rieux2016inferences,
	title={Inferences from tip-calibrated phylogenies: a review and a practical guide},
	author={Rieux, Adrien and Balloux, Fran{\c{c}}ois},
	journal={Molecular ecology},
	volume={25},
	number={9},
	pages={1911--1924},
	year={2016},
	publisher={Wiley Online Library}
}

@article{sanjuan2012molecular,
	title={From molecular genetics to phylodynamics: evolutionary relevance of mutation rates across viruses},
	author={Sanju{\'a}n, Rafael},
	journal={PLoS pathogens},
	volume={8},
	number={5},
	pages={e1002685},
	year={2012},
	publisher={Public Library of Science San Francisco, USA}
}

@article{dos2013unbearable,
	title={The unbearable uncertainty of Bayesian divergence time estimation},
	author={Dos Reis, Mario and Yang, Ziheng},
	journal={Journal of Systematics and Evolution},
	volume={51},
	number={1},
	pages={30--43},
	year={2013},
	publisher={Wiley Online Library}
}

@article{ghafari2021purifying,
	title={Purifying selection determines the short-term time dependency of evolutionary rates in SARS-CoV-2 and pH1N1 influenza},
	author={Ghafari, Mahan and du Plessis, Louis and Raghwani, Jayna and Bhatt, Samir and Xu, Bo and Pybus, Oliver and Katzourakis, Aris},
	journal={medRxiv},
	year={2021},
	publisher={Cold Spring Harbor Laboratory Press}
}

@article{aiewsakun2016time,
	title={Time-dependent rate phenomenon in viruses},
	author={Aiewsakun, Pakorn and Katzourakis, Aris},
	journal={Journal of virology},
	volume={90},
	number={16},
	pages={7184--7195},
	year={2016},
	publisher={Am Soc Microbiol}
}

@article{duchene2014analyses,
	title={Analyses of evolutionary dynamics in viruses are hindered by a time-dependent bias in rate estimates},
	author={Duch{\^e}ne, Sebasti{\'a}n and Holmes, Edward C and Ho, Simon YW},
	journal={Proceedings of the Royal Society B: Biological Sciences},
	volume={281},
	number={1786},
	pages={20140732},
	year={2014},
	publisher={The Royal Society}
}

@article{drummond2010bayesian,
  title={Bayesian random local clocks, or one rate to rule them all},
  author={Drummond, Alexei J and Suchard, Marc A},
  journal={BMC Biology},
  volume={8},
  number={1},
  pages={1--12},
  year={2010},
  publisher={BioMed Central}
}
@article{yoder2000estimation,
	title={Estimation of primate speciation dates using local molecular clocks},
	author={Yoder, Anne D and Yang, Ziheng},
	journal={Molecular Biology and Evolution},
	volume={17},
	number={7},
	pages={1081--1090},
	year={2000},
	publisher={Oxford University Press}
}
@article{fourment2018local,
	title={Local and relaxed clocks: the best of both worlds},
	author={Fourment, Mathieu and Darling, Aaron E},
	journal={PeerJ},
	volume={6},
	pages={e5140},
	year={2018},
	publisher={PeerJ Inc.}
}
@article{volz2009phylodynamics,
	title={Phylodynamics of infectious disease epidemics},
	author={Volz, Erik M and Kosakovsky Pond, Sergei L and Ward, Melissa J and Leigh Brown, Andrew J and Frost, Simon DW},
	journal={Genetics},
	volume={183},
	number={4},
	pages={1421--1430},
	year={2009},
	publisher={Oxford University Press}
}
@article{volz2013viral,
	title={Viral phylodynamics},
	author={Volz, Erik M and Koelle, Katia and Bedford, Trevor},
	journal={PLoS Computational Biology},
	volume={9},
	number={3},
	pages={e1002947},
	year={2013},
	publisher={Public Library of Science San Francisco, USA}
}
@article{boskova2014inference,
	title={Inference of epidemiological dynamics based on simulated phylogenies using birth-death and coalescent models},
	author={Boskova, Veronika and Bonhoeffer, Sebastian and Stadler, Tanja},
	journal={PLoS Computational Biology},
	volume={10},
	number={11},
	pages={e1003913},
	year={2014},
	publisher={Public Library of Science San Francisco, USA}
}

@article{ferreira2008bayesian,
	title={Bayesian analysis of elapsed times in continuous-time Markov chains},
	author={Ferreira, Marco AR and Suchard, Marc A},
	journal={Canadian Journal of Statistics},
	volume={36},
	number={3},
	pages={355--368},
	year={2008},
	publisher={Wiley Online Library}
}
@article{baele2016genealogical,
	title={Genealogical working distributions for Bayesian model testing with phylogenetic uncertainty},
	author={Baele, Guy and Lemey, Philippe and Suchard, Marc A},
	journal={Systematic Biology},
	volume={65},
	number={2},
	pages={250--264},
	year={2016},
	publisher={Oxford University Press}
}
@article{fan2011choosing,
	title={Choosing among partition models in Bayesian phylogenetics},
	author={Fan, Yu and Wu, Rui and Chen, Ming-Hui and Kuo, Lynn and Lewis, Paul O},
	journal={Molecular Biology and Evolution},
	volume={28},
	number={1},
	pages={523--532},
	year={2011},
	publisher={Oxford University Press}
}
@article{r2019marginal,
	title={Marginal likelihoods in phylogenetics: a review of methods and applications},
	author={Oaks, Jamie and Cobb, Kerry F and Minin, Vladimir N and Leach{\'e}, Adam D},
	journal={Systematic Biology},
	volume={68},
	number={5},
	pages={681--697},
	year={2019},
	publisher={Oxford University Press}
}
@article{fourment202019,
	title={19 Dubious ways to compute the marginal likelihood of a phylogenetic tree topology},
	author={Fourment, Mathieu and Magee, Andrew F and Whidden, Chris and Bilge, Arman and Matsen IV, Frederick A and Minin, Vladimir N},
	journal={Systematic Biology},
	volume={69},
	number={2},
	pages={209--220},
	year={2020},
	publisher={Oxford University Press}
}
@article{sinsheimer1996bayesian,
	title={Bayesian hypothesis testing of four-taxon topologies using molecular sequence data},
	author={Sinsheimer, Janet S and Lake, James A and Little, Roderick JA},
	journal={Biometrics},
	pages={193--210},
	year={1996},
	publisher={JSTOR}
}
@article{kass1995bayes,
	title={Bayes factors},
	author={Kass, Robert E and Raftery, Adrian E},
	journal={Journal of the American Statistical Association},
	volume={90},
	number={430},
	pages={773--795},
	year={1995},
	publisher={Taylor \& Francis}
}
@article{worobey2014synchronized,
	title={A synchronized global sweep of the internal genes of modern avian influenza virus},
	author={Worobey, Michael and Han, Guan-Zhu and Rambaut, Andrew},
	journal={Nature},
	volume={508},
	number={7495},
	pages={254--257},
	year={2014},
	publisher={Nature Publishing Group}
}
@article{fisher2021shrinkage,
	title={Shrinkage-based random local clocks with scalable inference},
	author={Fisher, Alexander A and Ji, Xiang and Nishimura, Akihiko and Lemey, Philippe and Suchard, Marc A},
	journal={arXiv preprint arXiv:2105.07119},
	year={2021}
}
@article{drummond2006relaxed,
	title={Relaxed phylogenetics and dating with confidence},
	author={Drummond, Alexei J and Ho, Simon Y W and Phillips, Matthew J and Rambaut, Andrew},
	journal={PLoS Biology},
	volume={4},
	number={5},
	pages={e88},
	year={2006},
	publisher={Public Library of Science San Francisco, USA}
}
@article{zuckerkandl1962molecular,
	title={Molecular disease, evolution, and genetic heterogeneity},
	author={Zuckerkandl, Emile},
	journal={Horizons in biochemistry},
	pages={189--225},
	year={1962},
	publisher={Academic Press}
}
@incollection{zuckerkandl1965evolutionary,
	title={Evolutionary divergence and convergence in proteins},
	author={Zuckerkandl, Emile and Pauling, Linus},
	booktitle={Evolving genes and proteins},
	pages={97--166},
	year={1965},
	publisher={Elsevier}
}
@article{suchard2018bayesian,
	title={Bayesian phylogenetic and phylodynamic data integration using BEAST 1.10},
	author={Suchard, Marc A and Lemey, Philippe and Baele, Guy and Ayres, Daniel L and Drummond, Alexei J and Rambaut, Andrew},
	journal={Virus Evolution},
	volume={4},
	number={1},
	pages={vey016},
	year={2018},
	publisher={Oxford University Press}
}
@article{bromham2018bayesian,
	title={Bayesian molecular dating: opening up the black box},
	author={Bromham, Lindell and Duch{\^e}ne, Sebasti{\'a}n and Hua, Xia and Ritchie, Andrew M and Duch{\^e}ne, David A and Ho, Simon YW},
	journal={Biological Reviews},
	volume={93},
	number={2},
	pages={1165--1191},
	year={2018},
	publisher={Wiley Online Library}
}
@article{ho2014molecular,
	title={Molecular-clock methods for estimating evolutionary rates and timescales},
	author={Ho, Simon YW and Duch{\^e}ne, Sebasti{\'a}n},
	journal={Molecular Ecology},
	volume={23},
	number={24},
	pages={5947--5965},
	year={2014},
	publisher={Wiley Online Library}
}
@article{davies2021estimated,
	title={Estimated transmissibility and impact of SARS-CoV-2 lineage B. 1.1. 7 in England},
	author={Davies, Nicholas G and Abbott, Sam and Barnard, Rosanna C and Jarvis, Christopher I and Kucharski, Adam J and Munday, James D and Pearson, Carl AB and Russell, Timothy W and Tully, Damien C and Washburne, Alex D and others},
	journal={Science},
	volume={372},
	number={6538},
	year={2021},
	publisher={American Association for the Advancement of Science}
}
@article{kemp2021sars,
	title={SARS-CoV-2 evolution during treatment of chronic infection},
	author={Kemp, Steven A and Collier, Dami A and Datir, Rawlings P and Ferreira, Isabella ATM and Gayed, Salma and Jahun, Aminu and Hosmillo, Myra and Rees-Spear, Chloe and Mlcochova, Petra and Lumb, Ines Ushiro and others},
	journal={Nature},
	volume={592},
	number={7853},
	pages={277--282},
	year={2021},
	publisher={Nature Publishing Group}
}
@article{abdool2021new,
	title={New SARS-CoV-2 variants—clinical, public health, and vaccine implications},
	author={Abdool Karim, Salim S and de Oliveira, Tulio},
	journal={New England Journal of Medicine},
	volume={384},
	number={19},
	pages={1866--1868},
	year={2021},
	publisher={Mass Medical Soc}
}
@article{eurosurveillance2021updated,
	title={Updated rapid risk assessment from ECDC on the risk related to the spread of new SARS-CoV-2 variants of concern in the EU/EEA--first update},
	author={Eurosurveillance Editorial Team and others},
	journal={Eurosurveillance},
	volume={26},
	number={3},
	pages={2101211},
	year={2021},
	publisher={European Centre for Disease Prevention and Control}
}
@article{mascola2021sars,
	title={SARS-CoV-2 viral variants—tackling a moving target},
	author={Mascola, John R and Graham, Barney S and Fauci, Anthony S},
	journal={Jama},
	volume={325},
	number={13},
	pages={1261--1262},
	year={2021},
	publisher={American Medical Association}
}
@article{rambaut2020dynamic,
	title={A dynamic nomenclature proposal for SARS-CoV-2 lineages to assist genomic epidemiology},
	author={Rambaut, Andrew and Holmes, Edward C and O’Toole, {\'A}ine and Hill, Verity and McCrone, John T and Ruis, Christopher and du Plessis, Louis and Pybus, Oliver G},
	journal={Nature Microbiology},
	volume={5},
	number={11},
	pages={1403--1407},
	year={2020},
	publisher={Nature Publishing Group}
}

@online{cdc, 
	author = {CDC},
	title = {SARS-CoV-2 variant classifications and definitions},
	year = 2021,
	url = {https://www.cdc.gov/coronavirus/2019-ncov/variants/variant-info.html},
	urldate = {2020-29-07}
}
@article{plante2021spike,
	title={Spike mutation D614G alters SARS-CoV-2 fitness},
	author={Plante, Jessica A and Liu, Yang and Liu, Jianying and Xia, Hongjie and Johnson, Bryan A and Lokugamage, Kumari G and Zhang, Xianwen and Muruato, Antonio E and Zou, Jing and Fontes-Garfias, Camila R and others},
	journal={Nature},
	volume={592},
	number={7852},
	pages={116--121},
	year={2021},
	publisher={Nature Publishing Group}
}
@article{tegally2021detection,
	title={Detection of a SARS-CoV-2 variant of concern in South Africa},
	author={Tegally, Houriiyah and Wilkinson, Eduan and Giovanetti, Marta and Iranzadeh, Arash and Fonseca, Vagner and Giandhari, Jennifer and Doolabh, Deelan and Pillay, Sureshnee and San, Emmanuel James and Msomi, Nokukhanya and others},
	journal={Nature},
	volume={592},
	number={7854},
	pages={438--443},
	year={2021},
	publisher={Nature Publishing Group}
}
@article{faria2021genomics,
	title={Genomics and epidemiology of the P. 1 SARS-CoV-2 lineage in Manaus, Brazil},
	author={Faria, Nuno R and Mellan, Thomas A and Whittaker, Charles and Claro, Ingra M and Candido, Darlan da S and Mishra, Swapnil and Crispim, Myuki AE and Sales, Flavia CS and Hawryluk, Iwona and McCrone, John T and others},
	journal={Science},
	volume={372},
	number={6544},
	pages={815--821},
	year={2021},
	publisher={American Association for the Advancement of Science}
}
@article{nelson2021molecular,
	title={Molecular dynamic simulation reveals E484K mutation enhances spike RBD-ACE2 affinity and the combination of E484K, K417N and N501Y mutations (501Y. V2 variant) induces conformational change greater than N501Y mutant alone, potentially resulting in an escape mutant},
	author={Nelson, Gard and Buzko, Oleksandr and Spilman, Patricia R and Niazi, Kayvan and Rabizadeh, Shahrooz and Soon-Shiong, Patrick R},
	journal={BioRxiv},
	year={2021},
	publisher={Cold Spring Harbor Laboratory}
}
@article{lopez2021effectiveness,
	title={Effectiveness of COVID-19 vaccines against the B. 1.617. 2 (Delta) variant},
	author={Lopez Bernal, Jamie and Andrews, Nick and Gower, Charlotte and Gallagher, Eileen and Simmons, Ruth and Thelwall, Simon and Stowe, Julia and Tessier, Elise and Groves, Natalie and Dabrera, Gavin and others},
	journal={New England Journal of Medicine},
	year={2021},
	publisher={Mass Medical Soc}
}
@article{duchene2020temporal,
	title={Temporal signal and the phylodynamic threshold of SARS-CoV-2},
	author={Duchene, Sebastian and Featherstone, Leo and Haritopoulou-Sinanidou, Melina and Rambaut, Andrew and Lemey, Philippe and Baele, Guy},
	journal={Virus evolution},
	volume={6},
	number={2},
	pages={veaa061},
	year={2020},
	publisher={Oxford University Press}
}
@article{belshaw2011viral,
	title={Viral mutation and substitution: units and levels},
	author={Belshaw, Robert and Sanju{\'a}n, Rafael and Pybus, Oliver G},
	journal={Current Opinion in Virology},
	volume={1},
	number={5},
	pages={430--435},
	year={2011},
	publisher={Elsevier}
}
@article{wertheim2018maintenance,
	title={Maintenance and reappearance of extremely divergent intra-host HIV-1 variants},
	author={Wertheim, Joel O and Oster, Alexandra M and Murrell, Ben and Saduvala, Neeraja and Heneine, Walid and Switzer, William M and Johnson, Jeffrey A},
	journal={Virus Evolution},
	volume={4},
	number={2},
	pages={vey030},
	year={2018},
	publisher={Oxford University Press}
}
@article{xue2018within,
	title={Within-host evolution of human influenza virus},
	author={Xue, Katherine S and Moncla, Louise H and Bedford, Trevor and Bloom, Jesse D},
	journal={Trends in Microbiology},
	volume={26},
	number={9},
	pages={781--793},
	year={2018},
	publisher={Elsevier}
}
@article{hadfield2018nextstrain,
	title={Nextstrain: real-time tracking of pathogen evolution},
	author={Hadfield, James and Megill, Colin and Bell, Sidney M and Huddleston, John and Potter, Barney and Callender, Charlton and Sagulenko, Pavel and Bedford, Trevor and Neher, Richard A},
	journal={Bioinformatics},
	volume={34},
	number={23},
	pages={4121--4123},
	year={2018},
	publisher={Oxford University Press}
}
@article{katoh2013mafft,
	title={MAFFT multiple sequence alignment software version 7: improvements in performance and usability},
	author={Katoh, Kazutaka and Standley, Daron M},
	journal={Molecular Biology and Evolution},
	volume={30},
	number={4},
	pages={772--780},
	year={2013},
	publisher={Society for Molecular Biology and Evolution}
}
@article{minh2020iq,
	title={IQ-TREE 2: new models and efficient methods for phylogenetic inference in the genomic era},
	author={Minh, Bui Quang and Schmidt, Heiko A and Chernomor, Olga and Schrempf, Dominik and Woodhams, Michael D and Von Haeseler, Arndt and Lanfear, Robert},
	journal={Molecular Biology and Evolution},
	volume={37},
	number={5},
	pages={1530--1534},
	year={2020},
	publisher={Oxford University Press}
}
@article{anisimova2011survey,
	title={Survey of branch support methods demonstrates accuracy, power, and robustness of fast likelihood-based approximation schemes},
	author={Anisimova, Maria and Gil, Manuel and Dufayard, Jean-Fran{\c{c}}ois and Dessimoz, Christophe and Gascuel, Olivier},
	journal={Systematic Biology},
	volume={60},
	number={5},
	pages={685--699},
	year={2011},
	publisher={Oxford University Press}
}
@article{ho2015simulating,
	title={Simulating and detecting autocorrelation of molecular evolutionary rates among lineages},
	author={Ho, Simon YW and Duch{\^e}ne, Sebasti{\'a}n and Duch{\^e}ne, David},
	journal={Molecular Ecology Resources},
	volume={15},
	number={4},
	pages={688--696},
	year={2015},
	publisher={Wiley Online Library}
}
@article{shu2017gisaid,
	title={GISAID: Global initiative on sharing all influenza data--from vision to reality},
	author={Shu, Yuelong and McCauley, John},
	journal={Eurosurveillance},
	volume={22},
	number={13},
	pages={30494},
	year={2017},
	publisher={European Centre for Disease Prevention and Control}
}
@article{elbe2017data,
	title={Data, disease and diplomacy: GISAID's innovative contribution to global health},
	author={Elbe, Stefan and Buckland-Merrett, Gemma},
	journal={Global Challenges},
	volume={1},
	number={1},
	pages={33--46},
	year={2017},
	publisher={Wiley Online Library}
}
@article{maclean2021natural,
	title={Natural selection in the evolution of SARS-CoV-2 in bats created a generalist virus and highly capable human pathogen},
	author={MacLean, Oscar A and Lytras, Spyros and Weaver, Steven and Singer, Joshua B and Boni, Maciej F and Lemey, Philippe and Kosakovsky Pond, Sergei L and Robertson, David L},
	journal={PLoS Biology},
	volume={19},
	number={3},
	pages={e3001115},
	year={2021},
	publisher={Public Library of Science San Francisco, CA USA}
}

@article{xue2017parallel,
	title={Parallel evolution of influenza across multiple spatiotemporal scales},
	author={Xue, Katherine S and Stevens-Ayers, Terry and Campbell, Angela P and Englund, Janet A and Pergam, Steven A and Boeckh, Michael and Bloom, Jesse D},
	journal={Elife},
	volume={6},
	pages={e26875},
	year={2017},
	publisher={eLife Sciences Publications Limited}
}
@article{harvey2021sars,
	title={SARS-CoV-2 variants, spike mutations and immune escape},
	author={Harvey, William T and Carabelli, Alessandro M and Jackson, Ben and Gupta, Ravindra K and Thomson, Emma C and Harrison, Ewan M and Ludden, Catherine and Reeve, Richard and Rambaut, Andrew and Peacock, Sharon J and others},
	journal={Nature Reviews Microbiology},
	volume={19},
	number={7},
	pages={409--424},
	year={2021},
	publisher={Nature Publishing Group}
}
@article{xie2011improving,
  title={Improving marginal likelihood estimation for Bayesian phylogenetic model selection},
  author={Xie, Wangang and Lewis, Paul O and Fan, Yu and Kuo, Lynn and Chen, Ming-Hui},
  journal={Systematic Biology},
  volume={60},
  number={2},
  pages={150--160},
  year={2011},
  publisher={Oxford University Press}
}
@article{gelman1998simulating,
  title={Simulating normalizing constants: From importance sampling to bridge sampling to path sampling},
  author={Gelman, Andrew and Meng, Xiao-Li},
  journal={Statistical Science},
  pages={163--185},
  year={1998},
  publisher={JSTOR}
}
@article{baele2013make,
  title={Make the most of your samples: Bayes factor estimators for high-dimensional models of sequence evolution},
  author={Baele, Guy and Lemey, Philippe and Vansteelandt, Stijn},
  journal={BMC Bioinformatics},
  volume={14},
  number={1},
  pages={1--18},
  year={2013},
  publisher={Springer}
}
@article{baele2012improving,
  title={Improving the accuracy of demographic and molecular clock model comparison while accommodating phylogenetic uncertainty},
  author={Baele, Guy and Lemey, Philippe and Bedford, Trevor and Rambaut, Andrew and Suchard, Marc A and Alekseyenko, Alexander V},
  journal={Molecular Biology and Evolution},
  volume={29},
  number={9},
  pages={2157--2167},
  year={2012},
  publisher={Oxford University Press}
}
@incollection{baele2014bayesian,
  title={Bayesian model selection in phylogenetics and genealogy-based population genetics},
  author={Baele, Guy and Lemey, Philippe},
  booktitle={Bayesian phylogenetics, methods, algorithms, and applications},
  editor={Chen, MH and Kuo L and Lewis PO},
  address={Boca Raton (Florida)},
  pages={59--93},
  chapter={4},
  year={2014},
  publisher={CPC Press}
}
@article{lartillot2006computing,
  title={Computing Bayes factors using thermodynamic integration},
  author={Lartillot, Nicolas and Philippe, Herv{\'e}},
  journal={Systematic Biology},
  volume={55},
  number={2},
  pages={195--207},
  year={2006},
  publisher={Oxford University Press}
}
@article{ritchie2017impact,
  title={The impact of the tree prior on molecular dating of data sets containing a mixture of inter-and intraspecies sampling},
  author={Ritchie, Andrew M and Lo, Nathan and Ho, Simon YW},
  journal={Systematic Biology},
  volume={66},
  number={3},
  pages={413--425},
  year={2017},
  publisher={Oxford University Press}
}

@article{konings2021sars,
  title={SARS-CoV-2 Variants of Interest and Concern naming scheme conducive for global discourse},
  author={Konings, Frank and Perkins, Mark D and Kuhn, Jens H and Pallen, Mark J and Alm, Erik J and Archer, Brett N and Barakat, Amal and Bedford, Trevor and Bhiman, Jinal N and Caly, Leon and others},
  journal={Nature Microbiology},
  pages={1--3},
  year={2021},
  publisher={Nature Publishing Group}
}


